<record><leader>00000cas a2200000 a 4500</leader><controlfield tag="001">9502937</controlfield><controlfield tag="008">830512d18591875mduwr ne      0   a0eng  </controlfield><datafield ind1=" " ind2=" " tag="010"><subfield code="a">sn 83016179 </subfield></datafield><datafield ind1=" " ind2=" " tag="040"><subfield code="a">DLC</subfield><subfield code="b">eng</subfield><subfield code="c">DLC</subfield><subfield code="d">NPU</subfield><subfield code="d">NPX</subfield><subfield code="d">MFN</subfield><subfield code="d">NVF</subfield><subfield code="d">OCL</subfield><subfield code="d">DLC</subfield><subfield code="d">OCLCQ</subfield><subfield code="d">OCLCO</subfield><subfield code="d">OCLCF</subfield><subfield code="d">NVF</subfield><subfield code="d">DLC</subfield></datafield><datafield ind1="0" ind2=" " tag="022"><subfield code="a">2378-0460</subfield><subfield code="2">1</subfield></datafield><datafield ind1=" " ind2=" " tag="042"><subfield code="a">pcc</subfield><subfield code="a">nsdp</subfield></datafield><datafield ind1=" " ind2=" " tag="043"><subfield code="a">n-us-md</subfield></datafield><datafield ind1="0" ind2="0" tag="050"><subfield code="a">Newspaper</subfield></datafield><datafield ind1="0" ind2="0" tag="082"><subfield code="a">071</subfield><subfield code="2">23</subfield></datafield><datafield ind1=" " ind2="0" tag="222"><subfield code="a">Civilian &amp; telegraph</subfield><subfield code="b">(Print)</subfield></datafield><datafield ind1="0" ind2="0" tag="245"><subfield code="a">Civilian &amp; telegraph.</subfield></datafield><datafield ind1="3" ind2=" " tag="246"><subfield code="a">Civilian and telegraph</subfield></datafield><datafield ind1=" " ind2=" " tag="260"><subfield code="a">Cumberland, Md. :</subfield><subfield code="b">W. Evans,</subfield><subfield code="c">1859-1875.</subfield></datafield><datafield ind1=" " ind2=" " tag="300"><subfield code="a">v.</subfield></datafield><datafield ind1=" " ind2=" " tag="310"><subfield code="a">Weekly</subfield></datafield><datafield ind1="0" ind2=" " tag="362"><subfield code="a">Vol. 32, no. 1 (Mar. 17, 1859)-v. 48, no. 52 (Dec. 23, 1875).</subfield></datafield><datafield ind1=" " ind2=" " tag="530"><subfield code="a">Available on microfilm;</subfield><subfield code="b">Library of Congress, Photoduplication Service.</subfield></datafield><datafield ind1=" " ind2=" " tag="530"><subfield code="a">Archived issues are available in digital format from the Library of Congress Chronicling America online collection.</subfield></datafield><datafield ind1=" " ind2=" " tag="580"><subfield code="a">Formed by the union of: Cumberland miners' journal and: Cumberland telegraph and Maryland mining register.</subfield></datafield><datafield ind1=" " ind2="0" tag="651"><subfield code="a">Cumberland (Md.)</subfield><subfield code="v">Newspapers.</subfield></datafield><datafield ind1=" " ind2="7" tag="651"><subfield code="a">Maryland</subfield><subfield code="z">Cumberland.</subfield><subfield code="2">fast</subfield><subfield code="0">(OCoLC)fst01206926</subfield></datafield><datafield ind1=" " ind2="7" tag="655"><subfield code="a">Newspapers.</subfield><subfield code="2">fast</subfield><subfield code="0">(OCoLC)fst01423814</subfield></datafield><datafield ind1=" " ind2=" " tag="752"><subfield code="a">United States</subfield><subfield code="b">Maryland</subfield><subfield code="c">Allegany</subfield><subfield code="d">Cumberland.</subfield></datafield><datafield ind1="0" ind2="8" tag="776"><subfield code="i">Online version:</subfield><subfield code="t">Civilian &amp; telegraph</subfield><subfield code="x">2378-0479</subfield><subfield code="w">(DLC)  2015218613</subfield><subfield code="w">(OCoLC)904338507</subfield></datafield><datafield ind1="1" ind2="4" tag="780"><subfield code="t">Cumberland miners' journal</subfield><subfield code="w">(DLC)sn 83016178</subfield><subfield code="w">(OCoLC)9503049</subfield></datafield><datafield ind1="1" ind2="4" tag="780"><subfield code="t">Cumberland telegraph and Maryland mining register</subfield><subfield code="w">(DLC)sn 83016171</subfield><subfield code="w">(OCoLC)9504076</subfield></datafield><datafield ind1="0" ind2="0" tag="785"><subfield code="t">Civilian (Cumberland, Md. : 1876)</subfield><subfield code="w">(DLC)sn 83016175</subfield><subfield code="w">(OCoLC)9503627</subfield></datafield><datafield ind1="4" ind2="1" tag="856"><subfield code="u">http://www.loc.gov/chroniclingamerica/lccn/sn83016179/issues</subfield></datafield></record>